@online{wikiLawThought,
  url={https://en.wikipedia.org/wiki/Law_of_thought},
  title={Wikipedia Article: Law of Thought},
  year={2016}
}
@online{wikiChurchTuring,
  url={https://en.wikipedia.org/wiki/Church\%E2\%80\%93Turing_thesis},
  title={Wikipedia Article: Church-Turing Thesis},
  year={2016}
}
@online{wikiLambdaCalc,
  url={https://en.wikipedia.org/wiki/Lambda_calculus},
  title={Wikipedia Article: Lambda Calculus},
  year={2016}
}
@online{learnYouHaskell,
  url={http://learnyouahaskell.com/},
  title={Learn you a Haskell for Great Good: a Haskell Manual},
  year={2016}
}
@online{wikiBNF,
  url={https://en.wikipedia.org/wiki/Backus\%E2\%80\%93Naur_Form},
  title={Wikipedia Article: Backus-Naur Form},
  year={2016}
}